@book{bk:dae1,
author = {Michael H. Kutner and Chris Nachtsheim and John Neter and William Li},
title = {Applied Linear Statistical Models},
publisher = {McGraw‚ÄêHill},
year = {2004},
edition = {5th},
month = {November}
}

@book{bk:dae2,
author = {Montgomery, Douglas C.},
title = {Design and Analysis of Experiments},
publisher = {Wiley},
year = {2019},
edition = {10th},
month = {July}
}

@book{bk:ilra,
author = {Montgomery, Douglas C. and Peck, Elizabeth A. and Vining, G. Geoffrey},
title = {Introduction to Linear Regression Analysis},
publisher = {Wiley},
year = {2012},
edition = {5th},
month = {April}
}

@book{bk:se,
author = {George E. P. Box and J. Stuart Hunter and William G. Hunter},
title = {Statistics for Experimenters: Design, Innovation, and Discovery},
publisher = {Wiley},
year = {2005},
edition = {2nd},
month = {May}
}

@article{ar:wang,
author = {P. C. Wang},
title = {A Simple Method for Obtaining Minimum Aberration Designs},
journal = {Communications in Statistics - Theory and Methods},
volume = {39},
number = {18},
pages = {3363-3370},
month  = {September},
year  = {2010},
publisher = {Taylor & Francis},
doi = {10.1080/03610920903259849},
URL = {https://doi.org/10.1080/03610920903259849},
eprint = {https://doi.org/10.1080/03610920903259849}
}